<collection xmlns="http://www.loc.gov/MARC21/slim">
<record>
  <leader>01835nam0a22003491i 450 </leader>
  <controlfield tag="001">IT\ICCU\CNCE\046639</controlfield>
  <controlfield tag="005">20200131000000.0</controlfield>
  <datafield tag="012" ind1=" " ind2=" ">
    <subfield code="a">ist: uslo amti EtPr (C) 1504 (R)</subfield>
    <subfield code="2">fei</subfield>
    <subfield code="9">A</subfield>
  </datafield>
  <datafield tag="012" ind1=" " ind2=" ">
    <subfield code="a">osod s:is i.um VnCo (C) 1504 (R)</subfield>
    <subfield code="2">fei</subfield>
    <subfield code="9">B</subfield>
  </datafield>
  <datafield tag="100" ind1=" " ind2=" ">
    <subfield code="a">19990203d1504        0itac0103    ba</subfield>
  </datafield>
  <datafield tag="101" ind1=" " ind2=" ">
    <subfield code="a">LAT</subfield>
  </datafield>
  <datafield tag="102" ind1=" " ind2=" ">
    <subfield code="a">IT</subfield>
  </datafield>
  <datafield tag="200" ind1="1" ind2=" ">
    <subfield code="a">℗Pindari Ausonii ℗Epitoma in Iliadem Homeri</subfield>
  </datafield>
  <datafield tag="210" ind1=" " ind2=" ">
    <subfield code="e">\Parma!</subfield>
    <subfield code="g">Franciscus Vgoletus Parmensis</subfield>
    <subfield code="g">Bernardi Calestani impensis impressit</subfield>
    <subfield code="h">1504 die XV Decembris</subfield>
  </datafield>
  <datafield tag="215" ind1=" " ind2=" ">
    <subfield code="a">\18! c.</subfield>
    <subfield code="d">4ʻ</subfield>
  </datafield>
  <datafield tag="300" ind1=" " ind2=" ">
    <subfield code="a">Il titolo si ricava dall&apos;intitolazione a c. a1r. - Per l&apos;autore, cfr. Baebii Italici Ilias Latina ... A cura di Marco Scaffai, Bologna, 1997. - Opera attribuita anche a Silio Italico e a Pindaro Tebano. - Var. B: precede il testo dedica di Antonio Bazania Cesare Baiardo. - \20! p</subfield>
  </datafield>
  <datafield tag="500" ind1="1" ind2="0">
    <subfield code="3">IT\ICCU\CNCE\052438</subfield>
    <subfield code="a">Ilias Latina</subfield>
  </datafield>
  <datafield tag="517" ind1="1" ind2=" ">
    <subfield code="3">IT\ICCU\CNCE\052972</subfield>
    <subfield code="a">Homerus Latinus</subfield>
  </datafield>
  <datafield tag="620" ind1=" " ind2=" ">
    <subfield code="a">IT</subfield>
    <subfield code="d">Parma</subfield>
  </datafield>
  <datafield tag="700" ind1=" " ind2="0">
    <subfield code="a">Baebius</subfield>
    <subfield code="c"> : Italicus</subfield>
    <subfield code="3">IT\ICCU\CNCA\016414</subfield>
  </datafield>
  <datafield tag="702" ind1=" " ind2="0">
    <subfield code="a">Pindarus</subfield>
    <subfield code="c"> : Thebanus</subfield>
    <subfield code="3">IT\ICCU\CNCA\016577</subfield>
  </datafield>
  <datafield tag="702" ind1=" " ind2="1">
    <subfield code="a">Silius Italicus,</subfield>
    <subfield code="b">Tiberius Catius Asconius</subfield>
    <subfield code="3">IT\ICCU\CNCA\008635</subfield>
  </datafield>
  <datafield tag="712" ind1="0" ind2="0">
    <subfield code="a">Ugoleto, Francesco</subfield>
    <subfield code="3">IT\ICCU\CNCT\000220</subfield>
    <subfield code="4">650</subfield>
  </datafield>
  <datafield tag="712" ind1="0" ind2="0">
    <subfield code="a">Calestani, Bernardo</subfield>
    <subfield code="3">IT\ICCU\CNCT\003404</subfield>
    <subfield code="4">650</subfield>
  </datafield>
  <datafield tag="790" ind1=" " ind2="0">
    <subfield code="a">Silio</subfield>
    <subfield code="c"> : Italico</subfield>
    <subfield code="3">IT\ICCU\CNCA\024754</subfield>
    <subfield code="z">Silius Italicus, Tiberius Catius Asconius</subfield>
  </datafield>
  <datafield tag="790" ind1=" " ind2="0">
    <subfield code="a">Sillius</subfield>
    <subfield code="c"> : Italicus</subfield>
    <subfield code="3">IT\ICCU\CNCA\024755</subfield>
    <subfield code="z">Silius Italicus, Tiberius Catius Asconius</subfield>
  </datafield>
  <datafield tag="791" ind1="0" ind2="0">
    <subfield code="a">Ugoletus, Franciscus</subfield>
    <subfield code="3">IT\ICCU\CNCT\005613</subfield>
    <subfield code="z">Ugoleto, Francesco</subfield>
  </datafield>
  <datafield tag="791" ind1="0" ind2="0">
    <subfield code="a">Calestanus, Bernardus</subfield>
    <subfield code="3">IT\ICCU\CNCT\004398</subfield>
    <subfield code="z">Calestani, Bernardo</subfield>
  </datafield>
  <datafield tag="801" ind1=" " ind2="3">
    <subfield code="a">IT</subfield>
    <subfield code="b">ICCU</subfield>
    <subfield code="c">20201115</subfield>
  </datafield>
  <datafield tag="899" ind1=" " ind2=" ">
    <subfield code="a">Biblioteca statale. Cremona</subfield>
    <subfield code="z">(Var. A)</subfield>
    <subfield code="1">CR0062</subfield>
    <subfield code="2">LO1 28</subfield>
  </datafield>
  <datafield tag="899" ind1=" " ind2=" ">
    <subfield code="a">Biblioteca Palatina. Parma</subfield>
    <subfield code="z">(Var. B)</subfield>
    <subfield code="1">PR0072</subfield>
    <subfield code="2">PAR PA</subfield>
  </datafield>
  <datafield tag="899" ind1=" " ind2=" ">
    <subfield code="a">British Library. London</subfield>
    <subfield code="z">(Var. A)</subfield>
    <subfield code="1">UK0001</subfield>
  </datafield>
</record>
</collection>
